% Encoding: UTF-8

@InProceedings{DHOPRSST2018,
  author    = {Erik Demaine and Jacob Hendricks and Meagan Olsen and Matthew J. Patitz and Trent A. Rogers and Nicolas Schabanel and Shinnosuke Seki and Hadley Thomas},
  title     = {Know When to Fold 'Em: Self-assembly of Shapes by Folding in Oritatami},
  booktitle = {Proc. DNA24},
  year      = {2018},
  volume    = {11145},
  series    = {LNCS},
  pages     = {19-36},
  publisher = {Springer},
  note      = {See its arXiv version for the finiteness considered in this paper: https://arxiv.org/abs/1807.04682},
}

@Article{GearyRothemundAndersen2014,
  author  = {Cody Geary and Paul W.~K.~Rothemund and Ebbe S.~Andersen},
  title   = {A Single-Stranded Architecture for Cotranscriptional Folding of {RNA} Nanostructures},
  journal = {Science},
  year    = {2014},
  volume  = {345},
  number  = {6198},
  pages   = {799-804},
}

@InProceedings{GeMeScSe2016,
  author    = {Cody Geary and Pierre-\'Etienne Meunier and Nicolas Schabanel and Shinonsuke Seki},
  title     = {Programming Biomolecules that Fold Greedily during Transcription},
  booktitle = {Proc. MFCS 2016},
  year      = {2016},
  volume    = {58},
  series    = {LIPIcs},
  pages     = {43:1-43:14},
  owner     = {shinsek},
  timestamp = {2016.09.27},
}

@InProceedings{GeMeScSe2018,
  author    = {Cody Geary and Pierre-\'Etienne Meunier and Nicolas Schabanel and Shinonsuke Seki},
  title     = {Proving the {T}uring Universality of Oritatami Cotranscriptional Folding},
  booktitle = {Proc. ISAAC 2018},
  year      = {2018},
  note      = {In press},
}

@Article{Cook2004,
  author  = {Matthew Cook},
  title   = {Universality in Elementary Cellular Automata},
  journal = {Complex Systems},
  year    = {2004},
  volume  = {15},
  pages   = {1-40},
}

@Book{Pratchett1992,
  title     = {Troll Bridge},
  publisher = {Pan Books},
  year      = {1992},
  author    = {Terry Pratchett},
}

@InProceedings{GearyAndersen2014,
  author    = {Cody Geary and Ebbe S. Andersen},
  title     = {Design Principles for Single-Stranded {RNA} Origami Structures},
  booktitle = {Proc. DNA 20},
  year      = {2014},
  volume    = {8727},
  series    = {LNCS},
  pages     = {1-19},
  publisher = {Springer},
}

@Article{Hales2007,
  author  = {Thomas. C. Hales},
  title   = {The {J}ordan Curve Theorem, Formally and Informally},
  journal = {The American Mathematical Monthly},
  year    = {2007},
  volume  = {114},
  number  = {10},
  pages   = {882-894},
}

@Book{AroraBarak2009,
  title     = {Computational Complexity: A Modern Approach},
  publisher = {Cambridge University Press},
  year      = {2009},
  author    = {Sanjeev Arora and Boaz Barak},
}

@Article{YanYin2017,
  author  = {Dongran Han and Xiaodong Qi and Cameron Myhrvold and Bei Wang and Mingjie Dai and Shuoxing Jiang and Maxwell Bates and Yan Liu and Byoungkwon An and Fei Zhang and Hao Yan and Peng Yin},
  title   = {Single-Stranded {DNA} and {RNA} Origami},
  journal = {Science},
  year    = {2017},
  volume  = {358},
  number  = {6369},
  pages   = {1402},
}

@Misc{EKOMSSSO2018,
  author       = {A. Elonen and I. Kawamata and L. Oesinghaus and A.Mohammad and J. Seitsonen and Y. Suzuki and F. C. Simmel and P. Orponen},
  title        = {Algorithmic Design of 3D Wireframes {RNA} Polyhedral},
  howpublished = {DNA 24 poster},
  year         = {2018},
}

@Comment{jabref-meta: databaseType:bibtex;}
